% Encoding: UTF-8

@inproceedings{harrigan2016unreasonable,
	title={The unreasonable effectiveness of address clustering},
	author={Harrigan, Martin and Fretter, Christoph},
	booktitle={Ubiquitous Intelligence \& Computing, Advanced and Trusted Computing, Scalable Computing and Communications, Cloud and Big Data Computing, Internet of People, and Smart World Congress (UIC/ATC/ScalCom/CBDCom/IoP/SmartWorld), 2016 Intl IEEE Conferences},
	pages={368--373},
	year={2016},
	organization={IEEE}
}

@inproceedings{ermilov2017automatic,
	title={Automatic bitcoin address clustering},
	author={Ermilov, Dmitry and Panov, Maxim and Yanovich, Yury},
	booktitle={Machine Learning and Applications (ICMLA), 2017 16th IEEE International Conference on},
	pages={461--466},
	year={2017},
	organization={IEEE}
}

@inproceedings{ron2013quantitative,
	title={Quantitative analysis of the full bitcoin transaction graph},
	author={Ron, Dorit and Shamir, Adi},
	booktitle={International Conference on Financial Cryptography and Data Security},
	pages={6--24},
	year={2013},
	organization={Springer}
}

@article{lischke2016analyzing,
	title={Analyzing the bitcoin network: The first four years},
	author={Lischke, Matthias and Fabian, Benjamin},
	journal={Future Internet},
	volume={8},
	number={1},
	pages={7},
	year={2016},
	publisher={Multidisciplinary Digital Publishing Institute}
}

@mastersthesis{nick2015data,
	title={Data-Driven De-Anonymization in Bitcoin},
	author={Nick, Jonas David},
	year={2015},
	school={ETH-Z{\"u}rich}
}

@inproceedings{moser2014towards,
	title={Towards risk scoring of Bitcoin transactions},
	author={M{\"o}ser, Malte and B{\"o}hme, Rainer and Breuker, Dominic},
	booktitle={International Conference on Financial Cryptography and Data Security},
	pages={16--32},
	year={2014},
	organization={Springer}
}

@inproceedings{moser2013inquiry,
	title={An inquiry into money laundering tools in the Bitcoin ecosystem},
	author={Moser, Malte and Bohme, Rainer and Breuker, Dominic},
	booktitle={eCrime Researchers Summit (eCRS), 2013},
	pages={1--14},
	year={2013},
	organization={IEEE}
}

@article{fleder2015bitcoin,
	title={Bitcoin transaction graph analysis},
	author={Fleder, Michael and Kester, Michael S and Pillai, Sudeep},
	journal={arXiv preprint arXiv:1502.01657},
	year={2015}
}

@article{nakamoto2008bitcoin,
	title={Bitcoin: A peer-to-peer electronic cash system},
	author={Nakamoto, Satoshi},
	year={2008}
}

@incollection{reid2013analysis,
	title={An analysis of anonymity in the bitcoin system},
	author={Reid, Fergal and Harrigan, Martin},
	booktitle={Security and privacy in social networks},
	pages={197--223},
	year={2013},
	publisher={Springer}
}

@article{ober2013structure,
	title={Structure and anonymity of the bitcoin transaction graph},
	author={Ober, Micha and Katzenbeisser, Stefan and Hamacher, Kay},
	journal={Future internet},
	volume={5},
	number={2},
	pages={237--250},
	year={2013},
	publisher={Multidisciplinary Digital Publishing Institute}
}

@misc{anderson_farivar_2013, title={How the feds took down the Dread Pirate Roberts}, url={https://arstechnica.com/tech-policy/2013/10/how-the-feds-took-down-the-dread-pirate-roberts/}, journal={Ars Technica}, publisher={Ars Technica}, author={Anderson, Nate and Farivar, Cyrus}, year={2013}, month={Oct}}
